<record><leader>00000cas a22000007a 4500</leader><controlfield tag="001">15303388</controlfield><controlfield tag="008">870311d185218uuvaumr ne      0    0eng d</controlfield><datafield ind1=" " ind2=" " tag="010"><subfield code="a">sn 87090459 </subfield></datafield><datafield ind1=" " ind2=" " tag="040"><subfield code="a">PPM</subfield><subfield code="b">eng</subfield><subfield code="c">PPM</subfield><subfield code="d">NVK</subfield><subfield code="d">OCL</subfield><subfield code="d">OCLCQ</subfield><subfield code="d">OCLCF</subfield><subfield code="d">OCLCO</subfield></datafield><datafield ind1=" " ind2=" " tag="042"><subfield code="a">msc</subfield></datafield><datafield ind1=" " ind2=" " tag="043"><subfield code="a">f------</subfield><subfield code="a">n-us-va</subfield></datafield><datafield ind1=" " ind2="4" tag="050"><subfield code="a">E448</subfield><subfield code="b">.V5</subfield></datafield><datafield ind1="0" ind2="4" tag="245"><subfield code="a">The Virginian colonizationist.</subfield></datafield><datafield ind1=" " ind2=" " tag="260"><subfield code="a">Richmond, Va. :</subfield><subfield code="b">MacFarlane &amp; Fergusson</subfield></datafield><datafield ind1=" " ind2=" " tag="310"><subfield code="a">Monthly</subfield></datafield><datafield ind1="1" ind2=" " tag="362"><subfield code="a">Began in 1852?</subfield></datafield><datafield ind1=" " ind2=" " tag="500"><subfield code="a">"A Monthly Journal Devoted to the Cause of African Colonization."</subfield></datafield><datafield ind1=" " ind2=" " tag="500"><subfield code="a">Editor: Rev. P. Slaughter.</subfield></datafield><datafield ind1=" " ind2=" " tag="588"><subfield code="a">Description based on: Vol. 1, no. 2 (Apr. 1852).</subfield></datafield><datafield ind1=" " ind2="0" tag="650"><subfield code="a">Back to Africa movement</subfield><subfield code="v">Newspapers.</subfield></datafield><datafield ind1=" " ind2="0" tag="650"><subfield code="a">African Americans</subfield><subfield code="x">Colonization</subfield><subfield code="z">Africa.</subfield></datafield><datafield ind1=" " ind2="0" tag="651"><subfield code="a">Richmond (Va.)</subfield><subfield code="v">Newspapers.</subfield></datafield><datafield ind1=" " ind2="7" tag="655"><subfield code="a">Newspapers.</subfield><subfield code="2">fast</subfield><subfield code="0">(OCoLC)fst01423814</subfield></datafield><datafield ind1=" " ind2="7" tag="650"><subfield code="a">African Americans</subfield><subfield code="x">Colonization.</subfield><subfield code="2">fast</subfield><subfield code="0">(OCoLC)fst00799587</subfield></datafield><datafield ind1=" " ind2="7" tag="650"><subfield code="a">Back to Africa movement.</subfield><subfield code="2">fast</subfield><subfield code="0">(OCoLC)fst00825088</subfield></datafield><datafield ind1=" " ind2="7" tag="651"><subfield code="a">Africa.</subfield><subfield code="2">fast</subfield><subfield code="0">(OCoLC)fst01239509</subfield></datafield><datafield ind1=" " ind2="7" tag="651"><subfield code="a">Virginia</subfield><subfield code="z">Richmond.</subfield><subfield code="2">fast</subfield><subfield code="0">(OCoLC)fst01205345</subfield></datafield><datafield ind1=" " ind2=" " tag="752"><subfield code="a">United States</subfield><subfield code="b">Virginia</subfield><subfield code="d">Richmond.</subfield></datafield></record>